@article{Kim20210,
  author = {Youngkee Kim, Won Joon Yun, Youn Kyu Lee, Soyi Jung, Joongheon Kim},
  title = {Trends in Neural Architecture Search: Towards the Acceleration of Search},
  year = {2021},
  journal = {arXiv},
  url = {http://arxiv.org/abs/2108.08474v1},
  note = {Accessed: 2021-08-19}
}


@article{Yin20220,
  author = {Qiyue Yin, Tongtong Yu, Shengqi Shen, Jun Yang, Meijing Zhao, Kaiqi Huang, Bin Liang, Liang Wang},
  title = {Distributed Deep Reinforcement Learning: A Survey and A Multi-Player Multi-Agent Learning Toolbox},
  year = {2022},
  journal = {arXiv},
  url = {http://arxiv.org/abs/2212.00253v1},
  note = {Accessed: 2022-12-01}
}


@article{Haj-Ali20190,
  author = {Ameer Haj-Ali, Nesreen K. Ahmed, Ted Willke, Joseph Gonzalez, Krste Asanovic, Ion Stoica},
  title = {A View on Deep Reinforcement Learning in System Optimization},
  year = {2019},
  journal = {arXiv},
  url = {http://arxiv.org/abs/1908.01275v3},
  note = {Accessed: 2019-08-04}
}


@article{Nagaraj20220,
  author = {Akash Nagaraj, Mukund Sood, Bhagya M Patil},
  title = {A Concise Introduction to Reinforcement Learning in Robotics},
  year = {2022},
  journal = {arXiv},
  url = {http://arxiv.org/abs/2210.07397v1},
  note = {Accessed: 2022-10-13}
}


@article{Uddin20250,
  author = {Ashab Uddin, Ahmed Hamdi Sakr, Ning Zhang},
  title = {Intelligent Offloading in Vehicular Edge Computing: A Comprehensive Review of Deep Reinforcement Learning Approaches and Architectures},
  year = {2025},
  journal = {arXiv},
  url = {http://arxiv.org/abs/2502.06963v2},
  note = {Accessed: 2025-02-10}
}


