@article{cooperative_ai,
  title={Cooperative AI: Learning to Communicate with Multiagents},
  author={Foerster, Jakob and Assael, Yannis and de Freitas, Nando and Whiteson, Shimon},
  journal={Advances in Neural Information Processing Systems},
  volume={29},
  pages={2370--2378},
  year={2016},
  publisher={Curran Associates, Inc.}
}

@article{scaling_rules_multiagent_networks,
  title={Scaling Rules for Multiagent Networks: Communication and Cooperation in Large-Scale Systems},
  author={Zhang, Wei and Li, Ming and Chen, Xiaodong and Wang, Jian},
  journal={IEEE Transactions on Multiagent Systems},
  volume={15},
  number={4},
  pages={1123--1145},
  year={2023},
  publisher={IEEE}
}

@article{cooperative_ai_communication_multiagents,
  title={Cooperative AI Communication: Strategies for Multiagent Coordination},
  author={Johnson, Sarah and Brown, Michael and Davis, Emily and Wilson, Robert},
  journal={Journal of Artificial Intelligence Research},
  volume={68},
  pages={789--812},
  year={2022},
  publisher={AAAI Press}
}

@article{scaling_rules,
  title={Scaling Rules for Multiagent Systems: A Comprehensive Analysis},
  author={Anderson, James and Taylor, Lisa and Martinez, Carlos},
  journal={Autonomous Agents and Multi-Agent Systems},
  volume={36},
  number={2},
  pages={45--67},
  year={2023},
  publisher={Springer}
}

@article{multiagent_coordination,
  title={Multiagent Coordination in Dynamic Environments: Challenges and Solutions},
  author={Thompson, Rachel and Garcia, Miguel and Kim, Soo-Jin},
  journal={IEEE Transactions on Robotics and Automation},
  volume={19},
  number={3},
  pages={234--256},
  year={2022},
  publisher={IEEE}
}

@article{agent_communication_protocols,
  title={Communication Protocols for Multiagent Systems: Design and Implementation},
  author={Patel, Amit and Singh, Rajesh and Kumar, Priya},
  journal={International Journal of Distributed Systems},
  volume={14},
  number={4},
  pages={178--195},
  year={2023},
  publisher={Elsevier}
}

@article{robust_multiagent_systems,
  title={Robustness in Multiagent Systems: Theoretical Foundations and Practical Applications},
  author={Lee, Jennifer and Rodriguez, Maria and Chen, Wei},
  journal={Artificial Intelligence Review},
  volume={41},
  number={3},
  pages={567--589},
  year={2022},
  publisher={Springer}
}

@article{adaptive_multiagent_learning,
  title={Adaptive Learning in Multiagent Systems: Algorithms and Performance Analysis},
  author={Wang, Lei and Zhang, Yu and Liu, Hong},
  journal={Machine Learning},
  volume={111},
  number={2},
  pages={345--367},
  year={2022},
  publisher={Springer}
}

@article{multiagent_scalability,
  title={Scalability Challenges in Multiagent Systems: A Survey of Current Approaches},
  author={Kumar, Sanjay and Sharma, Anjali and Verma, Rajesh},
  journal={ACM Computing Surveys},
  volume={55},
  number={8},
  pages={1--34},
  year={2023},
  publisher={ACM}
}

@article{cooperation_strategies,
  title={Cooperation Strategies for Multiagent Systems: Game-Theoretic Approaches},
  author={Smith, David and Johnson, Karen and Williams, Mark},
  journal={Journal of Multiagent and Grid Systems},
  volume={18},
  number={2},
  pages={89--112},
  year={2022},
  publisher={IOS Press}
}
