@article{Muzumdar20250,
  author = {Prathamesh Muzumdar, Apoorva Muley, Kuldeep Singh, Sumanth Cheemalapati},
  title = {Ethical AI in the Healthcare Sector: Investigating Key Drivers of Adoption through the Multi-Dimensional Ethical AI Adoption Model (MEAAM)},
  year = {2025},
  journal = {arXiv},
  url = {http://arxiv.org/abs/2505.02062v1},
  note = {Accessed: 2025-05-04}
}


@article{Pasricha20220,
  author = {Sudeep Pasricha},
  title = {AI Ethics in Smart Healthcare},
  year = {2022},
  journal = {arXiv},
  url = {http://arxiv.org/abs/2211.06346v1},
  note = {Accessed: 2022-11-02}
}


@article{Emdad20230,
  author = {Forhan Bin Emdad, Shuyuan Mary Ho, Benhur Ravuri, Shezin Hussain},
  title = {Towards A Unified Utilitarian Ethics Framework for Healthcare Artificial Intelligence},
  year = {2023},
  journal = {arXiv},
  url = {http://arxiv.org/abs/2309.14617v1},
  note = {Accessed: 2023-09-26}
}


@article{Mahamadou20240,
  author = {Abdoul Jalil Djiberou Mahamadou, Aloysius Ochasi, Russ B. Altman},
  title = {Data Ethics in the Era of Healthcare Artificial Intelligence in Africa: An Ubuntu Philosophy Perspective},
  year = {2024},
  journal = {arXiv},
  url = {http://arxiv.org/abs/2406.10121v1},
  note = {Accessed: 2024-06-14}
}


@article{Oniani20230,
  author = {David Oniani, Jordan Hilsman, Yifan Peng, COL, Ronald K. Poropatich, COL Jeremy C. Pamplin, LTC Gary L. Legault, Yanshan Wang},
  title = {From Military to Healthcare: Adopting and Expanding Ethical Principles for Generative Artificial Intelligence},
  year = {2023},
  journal = {arXiv},
  url = {http://arxiv.org/abs/2308.02448v1},
  note = {Accessed: 2023-08-04}
}


