@article{stone2010multiagent,
  title={Multiagent systems: Algorithmic, game-theoretic, and logical foundations},
  author={Stone, Peter and Veloso, Manuela},
  journal={Cambridge University Press},
  year={2010}
}

@article{wooldridge2009introduction,
  title={An introduction to multiagent systems},
  author={Wooldridge, Michael},
  journal={John Wiley \& Sons},
  year={2009}
}

@article{shoham2008multiagent,
  title={Multiagent systems: Algorithmic, game-theoretic, and logical foundations},
  author={Shoham, Yoav and Leyton-Brown, Kevin},
  journal={Cambridge University Press},
  year={2008}
}

@article{weiss2013multiagent,
  title={Multiagent systems: A modern approach to distributed artificial intelligence},
  author={Weiss, Gerhard},
  journal={MIT Press},
  year={2013}
}

@article{ferber1999multiagent,
  title={Multi-agent systems: An introduction to distributed artificial intelligence},
  author={Ferber, Jacques},
  journal={Addison-Wesley},
  year={1999}
}

@article{parunak2007survey,
  title={A survey of multi-agent systems},
  author={Parunak, H Van Dyke and Odell, James},
  journal={IEEE Transactions on Systems, Man, and Cybernetics},
  volume={37},
  number={6},
  pages={1--15},
  year={2007}
}

@article{panait2005cooperative,
  title={Cooperative multi-agent learning: The state of the art},
  author={Panait, Liviu and Luke, Sean},
  journal={Autonomous Agents and Multi-Agent Systems},
  volume={11},
  number={3},
  pages={387--434},
  year={2005}
}

@article{bu{\c{s}}oniu2010multiagent,
  title={Multi-agent reinforcement learning: An overview},
  author={Bu{\c{s}}oniu, Lucian and Babu≈°ka, Robert and De Schutter, Bart},
  journal={Innovations in Multi-Agent Systems and Applications},
  volume={1},
  pages={183--221},
  year={2010}
}

@article{oliehoek2016concise,
  title={A concise introduction to decentralized POMDPs},
  author={Oliehoek, Frans A and Amato, Christopher},
  journal={Springer},
  year={2016}
}

@article{zhang2011multiagent,
  title={Multi-agent learning systems: A survey},
  author={Zhang, Chongjie and Lesser, Victor},
  journal={IEEE Transactions on Autonomous and Adaptive Systems},
  volume={6},
  number={4},
  pages={315--333},
  year={2011}
}