@article{Chen20240,
  author = {Chen Chen, Xueluan Gong, Ziyao Liu, Weifeng Jiang, Si Qi Goh, Kwok-Yan Lam},
  title = {Trustworthy, Responsible, and Safe AI: A Comprehensive Architectural Framework for AI Safety with Challenges and Mitigations},
  year = {2024},
  journal = {arXiv},
  url = {http://arxiv.org/abs/2408.12935v3},
  note = {Accessed: 2024-08-23}
}


@article{Liu20250,
  author = {Zhe Liu},
  title = {Interview AI-ssistant: Designing for Real-Time Human-AI Collaboration in Interview Preparation and Execution},
  year = {2025},
  journal = {arXiv},
  url = {http://arxiv.org/abs/2504.13847v1},
  note = {Accessed: 2025-03-03}
}


@article{Butlin20250,
  author = {Patrick Butlin, Theodoros Lappas},
  title = {Principles for Responsible AI Consciousness Research},
  year = {2025},
  journal = {arXiv},
  url = {http://arxiv.org/abs/2501.07290v1},
  note = {Accessed: 2025-01-13}
}


@article{Gyevnar20250,
  author = {Balint Gyevnar, Atoosa Kasirzadeh},
  title = {AI Safety for Everyone},
  year = {2025},
  journal = {arXiv},
  url = {http://arxiv.org/abs/2502.09288v2},
  note = {Accessed: 2025-02-13}
}


@article{Gil20190,
  author = {Yolanda Gil, Bart Selman},
  title = {A 20-Year Community Roadmap for Artificial Intelligence Research in the US},
  year = {2019},
  journal = {arXiv},
  url = {http://arxiv.org/abs/1908.02624v1},
  note = {Accessed: 2019-08-07}
}


