@article{Le20210,
  author = {Ngan Le, Vidhiwar Singh Rathour, Kashu Yamazaki, Khoa Luu, Marios Savvides},
  title = {Deep Reinforcement Learning in Computer Vision: A Comprehensive Survey},
  year = {2021},
  journal = {arXiv},
  url = {http://arxiv.org/abs/2108.11510v1},
  note = {Accessed: 2021-08-25}
}


@article{Zhu20200,
  author = {Zhuangdi Zhu, Kaixiang Lin, Anil K. Jain, Jiayu Zhou},
  title = {Transfer Learning in Deep Reinforcement Learning: A Survey},
  year = {2020},
  journal = {arXiv},
  url = {http://arxiv.org/abs/2009.07888v7},
  note = {Accessed: 2020-09-16}
}


@article{Yin20220,
  author = {Qiyue Yin, Tongtong Yu, Shengqi Shen, Jun Yang, Meijing Zhao, Kaiqi Huang, Bin Liang, Liang Wang},
  title = {Distributed Deep Reinforcement Learning: A Survey and A Multi-Player Multi-Agent Learning Toolbox},
  year = {2022},
  journal = {arXiv},
  url = {http://arxiv.org/abs/2212.00253v1},
  note = {Accessed: 2022-12-01}
}


@article{Korkmaz20240,
  author = {Ezgi Korkmaz},
  title = {A Survey Analyzing Generalization in Deep Reinforcement Learning},
  year = {2024},
  journal = {arXiv},
  url = {http://arxiv.org/abs/2401.02349v2},
  note = {Accessed: 2024-01-04}
}


@article{Luong20180,
  author = {Nguyen Cong Luong, Dinh Thai Hoang, Shimin Gong, Dusit Niyato, Ping Wang, Ying-Chang Liang, Dong In Kim},
  title = {Applications of Deep Reinforcement Learning in Communications and Networking: A Survey},
  year = {2018},
  journal = {arXiv},
  url = {http://arxiv.org/abs/1810.07862v1},
  note = {Accessed: 2018-10-18}
}


