@article{Mu20240,
  author = {Chunjiang Mu, Hao Guo, Yang Chen, Chen Shen, Shuyue Hu, Zhen Wang},
  title = {Multi-Agent, Human-Agent and Beyond: A Survey on Cooperation in Social Dilemmas},
  year = {2024},
  journal = {arXiv},
  url = {http://arxiv.org/abs/2402.17270v2},
  note = {Accessed: 2024-02-27}
}


@article{Chen20130,
  author = {Jie Chen, CÃ©dric Richard, Ali Sayed},
  title = {Diffusion LMS for clustered multitask networks},
  year = {2013},
  journal = {arXiv},
  url = {http://arxiv.org/abs/1310.8615v1},
  note = {Accessed: 2013-10-31}
}


@article{Banisch20200,
  author = {Sven Banisch, Felix Gaisbauer, Eckehard Olbrich},
  title = {How social feedback processing in the brain shapes collective opinion processes in the era of social media},
  year = {2020},
  journal = {arXiv},
  url = {http://arxiv.org/abs/2003.08154v1},
  note = {Accessed: 2020-03-18}
}


@article{Huh20230,
  author = {Dom Huh, Prasant Mohapatra},
  title = {Multi-agent Reinforcement Learning: A Comprehensive Survey},
  year = {2023},
  journal = {arXiv},
  url = {http://arxiv.org/abs/2312.10256v2},
  note = {Accessed: 2023-12-15}
}


@article{Bin20190,
  author = {Michelangelo Bin, Ivano Notarnicola, Lorenzo Marconi, Giuseppe Notarstefano},
  title = {A System Theoretical Perspective to Gradient-Tracking Algorithms for Distributed Quadratic Optimization},
  year = {2019},
  journal = {arXiv},
  url = {http://arxiv.org/abs/1911.06665v1},
  note = {Accessed: 2019-11-15}
}


