@article{Mitman20050,
  author = {Kurt E. Mitman, Sehyo Charley Choe, Neil F. Johnson},
  title = {Competitive Advantage for Multiple-Memory Strategies in an Artificial Market},
  year = {2005},
  journal = {arXiv},
  url = {http://arxiv.org/abs/physics/0503031v1},
  note = {Accessed: 2005-03-03}
}


