@article{Tashakori20210,
  author = {Arvin Tashakori},
  title = {Survey on Multi-Agent Q-Learning frameworks for resource management in wireless sensor network},
  year = {2021},
  journal = {arXiv},
  url = {http://arxiv.org/abs/2105.02371v1},
  note = {Accessed: 2021-05-05}
}


@article{Wong20210,
  author = {Annie Wong, Thomas BÃ¤ck, Anna V. Kononova, Aske Plaat},
  title = {Deep Multiagent Reinforcement Learning: Challenges and Directions},
  year = {2021},
  journal = {arXiv},
  url = {http://arxiv.org/abs/2106.15691v2},
  note = {Accessed: 2021-06-29}
}


@article{Nascimento20230,
  author = {Nathalia Nascimento, Paulo Alencar, Donald Cowan},
  title = {Self-Adaptive Large Language Model (LLM)-Based Multiagent Systems},
  year = {2023},
  journal = {arXiv},
  url = {http://arxiv.org/abs/2307.06187v1},
  note = {Accessed: 2023-07-12}
}


@article{Nascimento20230,
  author = {Nathalia Nascimento, Paulo Alencar, Donald Cowan},
  title = {GPT-in-the-Loop: Adaptive Decision-Making for Multiagent Systems},
  year = {2023},
  journal = {arXiv},
  url = {http://arxiv.org/abs/2308.10435v1},
  note = {Accessed: 2023-08-21}
}


@article{Wang20250,
  author = {Zexin Wang, Jingjing Li, Quan Zhou, Haotian Si, Yuanhao Liu, Jianhui Li, Gaogang Xie, Fei Sun, Dan Pei, Changhua Pei},
  title = {A Survey on AgentOps: Categorization, Challenges, and Future Directions},
  year = {2025},
  journal = {arXiv},
  url = {http://arxiv.org/abs/2508.02121v1},
  note = {Accessed: 2025-08-04}
}


