@article{Cazenave20240,
  author = {Tristan Cazenave},
  title = {Monte Carlo Search Algorithms Discovering Monte Carlo Tree Search Exploration Terms},
  year = {2024},
  journal = {arXiv},
  url = {http://arxiv.org/abs/2404.09304v1},
  note = {Accessed: 2024-04-14}
}


@article{Cazenave20200,
  author = {Tristan Cazenave},
  title = {Monte Carlo Game Solver},
  year = {2020},
  journal = {arXiv},
  url = {http://arxiv.org/abs/2001.05087v1},
  note = {Accessed: 2020-01-15}
}


@article{Igarashi20190,
  author = {Harukazu Igarashi, Yuichi Morioka, Kazumasa Yamamoto},
  title = {Learning Position Evaluation Functions Used in Monte Carlo Softmax Search},
  year = {2019},
  journal = {arXiv},
  url = {http://arxiv.org/abs/1901.10706v2},
  note = {Accessed: 2019-01-30}
}


@article{Cazenave20210,
  author = {Tristan Cazenave},
  title = {Batch Monte Carlo Tree Search},
  year = {2021},
  journal = {arXiv},
  url = {http://arxiv.org/abs/2104.04278v1},
  note = {Accessed: 2021-04-09}
}


@article{Mirsoleimani20160,
  author = {S. Ali Mirsoleimani, Aske Plaat, Jaap van den Herik, Jos Vermaseren},
  title = {A New Method for Parallel Monte Carlo Tree Search},
  year = {2016},
  journal = {arXiv},
  url = {http://arxiv.org/abs/1605.04447v1},
  note = {Accessed: 2016-05-14}
}


