@article{Kampik20220,
  author = {Timotheus Kampik, Adnane Mansour, Olivier Boissier, Sabrina Kirrane, Julian Padget, Terry R. Payne, Munindar P. Singh, Valentina Tamma, Antoine Zimmermann},
  title = {Governance of Autonomous Agents on the Web: Challenges and Opportunities},
  year = {2022},
  journal = {arXiv},
  url = {http://arxiv.org/abs/2202.02574v1},
  note = {Accessed: 2022-02-05}
}


