@article{Li20200,
  author = {Changjian Li},
  title = {Some Insights into Lifelong Reinforcement Learning Systems},
  year = {2020},
  journal = {arXiv},
  url = {http://arxiv.org/abs/2001.09608v1},
  note = {Accessed: 2020-01-27}
}


@article{Boetius20240,
  author = {David Boetius, Stefan Leue},
  title = {Counterexample-Guided Repair of Reinforcement Learning Systems Using Safety Critics},
  year = {2024},
  journal = {arXiv},
  url = {http://arxiv.org/abs/2405.15430v1},
  note = {Accessed: 2024-05-24}
}


@article{Le20210,
  author = {Ngan Le, Vidhiwar Singh Rathour, Kashu Yamazaki, Khoa Luu, Marios Savvides},
  title = {Deep Reinforcement Learning in Computer Vision: A Comprehensive Survey},
  year = {2021},
  journal = {arXiv},
  url = {http://arxiv.org/abs/2108.11510v1},
  note = {Accessed: 2021-08-25}
}


@article{Deng20230,
  author = {Zhihong Deng, Jing Jiang, Guodong Long, Chengqi Zhang},
  title = {Causal Reinforcement Learning: A Survey},
  year = {2023},
  journal = {arXiv},
  url = {http://arxiv.org/abs/2307.01452v2},
  note = {Accessed: 2023-07-04}
}


@article{Yin20220,
  author = {Qiyue Yin, Tongtong Yu, Shengqi Shen, Jun Yang, Meijing Zhao, Kaiqi Huang, Bin Liang, Liang Wang},
  title = {Distributed Deep Reinforcement Learning: A Survey and A Multi-Player Multi-Agent Learning Toolbox},
  year = {2022},
  journal = {arXiv},
  url = {http://arxiv.org/abs/2212.00253v1},
  note = {Accessed: 2022-12-01}
}


