@article{Wong20210,
  author = {Annie Wong, Thomas BÃ¤ck, Anna V. Kononova, Aske Plaat},
  title = {Deep Multiagent Reinforcement Learning: Challenges and Directions},
  year = {2021},
  journal = {arXiv},
  url = {http://arxiv.org/abs/2106.15691v2},
  note = {Accessed: 2021-06-29}
}


@article{Radke20230,
  author = {David Radke, Alexi Orchard},
  title = {Presenting Multiagent Challenges in Team Sports Analytics},
  year = {2023},
  journal = {arXiv},
  url = {http://arxiv.org/abs/2303.13660v1},
  note = {Accessed: 2023-03-23}
}


