@article{Nascimento20230,
  author = {Nathalia Nascimento, Paulo Alencar, Donald Cowan},
  title = {Self-Adaptive Large Language Model (LLM)-Based Multiagent Systems},
  year = {2023},
  journal = {arXiv},
  url = {http://arxiv.org/abs/2307.06187v1},
  note = {Accessed: 2023-07-12}
}


@article{Krishnan20250,
  author = {Naveen Krishnan},
  title = {Advancing Multi-Agent Systems Through Model Context Protocol: Architecture, Implementation, and Applications},
  year = {2025},
  journal = {arXiv},
  url = {http://arxiv.org/abs/2504.21030v1},
  note = {Accessed: 2025-04-26}
}


@article{Prieto20230,
  author = {Samuel A. Prieto, Nikolaos Giakoumidis, Borja Garcia de Soto},
  title = {Multi-agent robotic systems and exploration algorithms: Applications for data collection in construction sites},
  year = {2023},
  journal = {arXiv},
  url = {http://arxiv.org/abs/2311.01078v1},
  note = {Accessed: 2023-11-02}
}


@article{Zhang20250,
  author = {Yibo Jacky Zhang, Sanmi Koyejo},
  title = {A Framework for Objective-Driven Dynamical Stochastic Fields},
  year = {2025},
  journal = {arXiv},
  url = {http://arxiv.org/abs/2504.16115v1},
  note = {Accessed: 2025-04-18}
}


@article{Xue20220,
  author = {Xiao Xue, Xiang-Ning Yu, De-Yu Zhou, Xiao Wang, Zhang-Bin Zhou, Fei-Yue Wang},
  title = {Computational Experiments: Past, Present and Future},
  year = {2022},
  journal = {arXiv},
  url = {http://arxiv.org/abs/2202.13690v1},
  note = {Accessed: 2022-02-28}
}


