@article{Le20210,
  author = {Ngan Le, Vidhiwar Singh Rathour, Kashu Yamazaki, Khoa Luu, Marios Savvides},
  title = {Deep Reinforcement Learning in Computer Vision: A Comprehensive Survey},
  year = {2021},
  journal = {arXiv},
  url = {http://arxiv.org/abs/2108.11510v1},
  note = {Accessed: 2021-08-25}
}


@article{Deng20230,
  author = {Zhihong Deng, Jing Jiang, Guodong Long, Chengqi Zhang},
  title = {Causal Reinforcement Learning: A Survey},
  year = {2023},
  journal = {arXiv},
  url = {http://arxiv.org/abs/2307.01452v2},
  note = {Accessed: 2023-07-04}
}


@article{Zhu20200,
  author = {Zhuangdi Zhu, Kaixiang Lin, Anil K. Jain, Jiayu Zhou},
  title = {Transfer Learning in Deep Reinforcement Learning: A Survey},
  year = {2020},
  journal = {arXiv},
  url = {http://arxiv.org/abs/2009.07888v7},
  note = {Accessed: 2020-09-16}
}


@article{Ghosh20220,
  author = {Rajat Ghosh, Debojyoti Dutta},
  title = {Data-Driven Evaluation of Training Action Space for Reinforcement Learning},
  year = {2022},
  journal = {arXiv},
  url = {http://arxiv.org/abs/2204.03840v1},
  note = {Accessed: 2022-04-08}
}


@article{Clayton20190,
  author = {Nicholas R. Clayton, Hussein Abbass},
  title = {Machine Teaching in Hierarchical Genetic Reinforcement Learning: Curriculum Design of Reward Functions for Swarm Shepherding},
  year = {2019},
  journal = {arXiv},
  url = {http://arxiv.org/abs/1901.00949v1},
  note = {Accessed: 2019-01-04}
}


