@article{sutton2018reinforcement,
  title={Reinforcement learning: An introduction},
  author={Sutton, Richard S and Barto, Andrew G},
  journal={MIT press},
  year={2018}
}