@article{Wong20210,
  author = {Annie Wong, Thomas BÃ¤ck, Anna V. Kononova, Aske Plaat},
  title = {Deep Multiagent Reinforcement Learning: Challenges and Directions},
  year = {2021},
  journal = {arXiv},
  url = {http://arxiv.org/abs/2106.15691v2},
  note = {Accessed: 2021-06-29}
}


@article{Zheng20180,
  author = {Yan Zheng, Jianye Hao, Zongzhang Zhang},
  title = {Weighted Double Deep Multiagent Reinforcement Learning in Stochastic Cooperative Environments},
  year = {2018},
  journal = {arXiv},
  url = {http://arxiv.org/abs/1802.08534v2},
  note = {Accessed: 2018-02-23}
}


@article{Fu20220,
  author = {Qingxu Fu, Tenghai Qiu, Zhiqiang Pu, Jianqiang Yi, Wanmai Yuan},
  title = {A Cooperation Graph Approach for Multiagent Sparse Reward Reinforcement Learning},
  year = {2022},
  journal = {arXiv},
  url = {http://arxiv.org/abs/2208.03002v1},
  note = {Accessed: 2022-08-05}
}


@article{Malialis20190,
  author = {Kleanthis Malialis, Sam Devlin, Daniel Kudenko},
  title = {Resource Abstraction for Reinforcement Learning in Multiagent Congestion Problems},
  year = {2019},
  journal = {arXiv},
  url = {http://arxiv.org/abs/1903.05431v1},
  note = {Accessed: 2019-03-13}
}


