@article{You20250,
  author = {Yang You, Vincent Thomas, Alex Schutz, Robert Skilton, Nick Hawes, Olivier Buffet},
  title = {Partially Observable Monte-Carlo Graph Search},
  year = {2025},
  journal = {arXiv},
  url = {http://arxiv.org/abs/2507.20951v1},
  note = {Accessed: 2025-07-28}
}


@article{Meng20230,
  author = {Yuan Meng, Qian Wang, Tianxin Zu, Viktor Prasanna},
  title = {Accelerating Deep Neural Network guided MCTS using Adaptive Parallelism},
  year = {2023},
  journal = {arXiv},
  url = {http://arxiv.org/abs/2310.05313v1},
  note = {Accessed: 2023-10-09}
}


@article{Vázquez20240,
  author = {Hernán Ceferino Vázquez, Jorge Sanchez, Rafael Carrascosa},
  title = {Integrating Hyperparameter Search into Model-Free AutoML with Context-Free Grammars},
  year = {2024},
  journal = {arXiv},
  url = {http://arxiv.org/abs/2404.03419v2},
  note = {Accessed: 2024-04-04}
}


@article{Stegmaier20220,
  author = {Philipp Stegmaier, Karl Kurzer, J. Marius Zöllner},
  title = {Cooperative Trajectory Planning in Uncertain Environments with Monte Carlo Tree Search and Risk Metrics},
  year = {2022},
  journal = {arXiv},
  url = {http://arxiv.org/abs/2203.04452v3},
  note = {Accessed: 2022-03-09}
}


@article{Duan20250,
  author = {Zhihua Duan, Jialin Wang},
  title = {Prompt-Based Monte Carlo Tree Search for Mitigating Hallucinations in Large Models},
  year = {2025},
  journal = {arXiv},
  url = {http://arxiv.org/abs/2501.13942v1},
  note = {Accessed: 2025-01-17}
}


@article{Kaufmann20170,
  author = {Emilie Kaufmann, Wouter Koolen},
  title = {Monte-Carlo Tree Search by Best Arm Identification},
  year = {2017},
  journal = {arXiv},
  url = {http://arxiv.org/abs/1706.02986v2},
  note = {Accessed: 2017-06-09}
}


@article{Kurzer20200,
  author = {Karl Kurzer, Christoph Hörtnagl, J. Marius Zöllner},
  title = {Parallelization of Monte Carlo Tree Search in Continuous Domains},
  year = {2020},
  journal = {arXiv},
  url = {http://arxiv.org/abs/2003.13741v1},
  note = {Accessed: 2020-03-30}
}


@article{Koo20210,
  author = {Jaehoon Koo, Prasanna Balaprakash, Michael Kruse, Xingfu Wu, Paul Hovland, Mary Hall},
  title = {Customized Monte Carlo Tree Search for LLVM/Polly's Composable Loop Optimization Transformations},
  year = {2021},
  journal = {arXiv},
  url = {http://arxiv.org/abs/2105.04555v1},
  note = {Accessed: 2021-05-10}
}


@article{Godlewski20210,
  author = {Konrad Godlewski, Bartosz Sawicki},
  title = {MCTS Based Agents for Multistage Single-Player Card Game},
  year = {2021},
  journal = {arXiv},
  url = {http://arxiv.org/abs/2109.12112v1},
  note = {Accessed: 2021-09-24}
}


@article{Cazenave20240,
  author = {Tristan Cazenave},
  title = {Monte Carlo Search Algorithms Discovering Monte Carlo Tree Search Exploration Terms},
  year = {2024},
  journal = {arXiv},
  url = {http://arxiv.org/abs/2404.09304v1},
  note = {Accessed: 2024-04-14}
}


