@article{Hernandez-Leal20180,
  author = {Pablo Hernandez-Leal, Bilal Kartal, Matthew E. Taylor},
  title = {A Survey and Critique of Multiagent Deep Reinforcement Learning},
  year = {2018},
  journal = {arXiv},
  url = {http://arxiv.org/abs/1810.05587v3},
  note = {Accessed: 2018-10-12}
}


@article{Javaid20230,
  author = {Shumaila Javaid, Nasir Saeed, Zakria Qadir, Hamza Fahim, Bin He, Houbing Song, Muhammad Bilal},
  title = {Communication and Control in Collaborative UAVs: Recent Advances and Future Trends},
  year = {2023},
  journal = {arXiv},
  url = {http://arxiv.org/abs/2302.12175v1},
  note = {Accessed: 2023-02-23}
}


@article{Nascimento20230,
  author = {Nathalia Nascimento, Paulo Alencar, Donald Cowan},
  title = {Self-Adaptive Large Language Model (LLM)-Based Multiagent Systems},
  year = {2023},
  journal = {arXiv},
  url = {http://arxiv.org/abs/2307.06187v1},
  note = {Accessed: 2023-07-12}
}


@article{Huh20230,
  author = {Dom Huh, Prasant Mohapatra},
  title = {Multi-agent Reinforcement Learning: A Comprehensive Survey},
  year = {2023},
  journal = {arXiv},
  url = {http://arxiv.org/abs/2312.10256v2},
  note = {Accessed: 2023-12-15}
}


@article{Salem20250,
  author = {Paulo Salem, Robert Sim, Christopher Olsen, Prerit Saxena, Rafael Barcelos, Yi Ding},
  title = {TinyTroupe: An LLM-powered Multiagent Persona Simulation Toolkit},
  year = {2025},
  journal = {arXiv},
  url = {http://arxiv.org/abs/2507.09788v1},
  note = {Accessed: 2025-07-13}
}


