@article{Wong20210,
  author = {Annie Wong, Thomas BÃ¤ck, Anna V. Kononova, Aske Plaat},
  title = {Deep Multiagent Reinforcement Learning: Challenges and Directions},
  year = {2021},
  journal = {arXiv},
  url = {http://arxiv.org/abs/2106.15691v2},
  note = {Accessed: 2021-06-29}
}


@article{Zheng20180,
  author = {Yan Zheng, Jianye Hao, Zongzhang Zhang},
  title = {Weighted Double Deep Multiagent Reinforcement Learning in Stochastic Cooperative Environments},
  year = {2018},
  journal = {arXiv},
  url = {http://arxiv.org/abs/1802.08534v2},
  note = {Accessed: 2018-02-23}
}


@article{Fu20220,
  author = {Qingxu Fu, Tenghai Qiu, Zhiqiang Pu, Jianqiang Yi, Wanmai Yuan},
  title = {A Cooperation Graph Approach for Multiagent Sparse Reward Reinforcement Learning},
  year = {2022},
  journal = {arXiv},
  url = {http://arxiv.org/abs/2208.03002v1},
  note = {Accessed: 2022-08-05}
}


@article{Malialis20190,
  author = {Kleanthis Malialis, Sam Devlin, Daniel Kudenko},
  title = {Resource Abstraction for Reinforcement Learning in Multiagent Congestion Problems},
  year = {2019},
  journal = {arXiv},
  url = {http://arxiv.org/abs/1903.05431v1},
  note = {Accessed: 2019-03-13}
}


@article{Munteanu20090,
  author = {Alin Munteanu, Cristina Ofelia Sofran},
  title = {Collaborative systems and multiagent systems},
  year = {2009},
  journal = {arXiv},
  url = {http://arxiv.org/abs/0904.3669v1},
  note = {Accessed: 2009-04-23}
}


@article{Chazelle20100,
  author = {Bernard Chazelle},
  title = {The Total s-Energy of a Multiagent System},
  year = {2010},
  journal = {arXiv},
  url = {http://arxiv.org/abs/1004.1447v2},
  note = {Accessed: 2010-04-09}
}


@article{Filipiak20110,
  author = {Patryk Filipiak},
  title = {A Multiagent Simulation for Traffic Flow Management with Evolutionary Optimization},
  year = {2011},
  journal = {arXiv},
  url = {http://arxiv.org/abs/1108.3462v1},
  note = {Accessed: 2011-08-17}
}


@article{Shi20240,
  author = {Qi Shi},
  title = {Agentive Permissions in Multiagent Systems},
  year = {2024},
  journal = {arXiv},
  url = {http://arxiv.org/abs/2404.17053v1},
  note = {Accessed: 2024-04-25}
}


