@article{Yang20200,
  author = {Yaodong Yang, Chengdong Ma, Zihan Ding, Stephen McAleer, Chi Jin, Jun Wang, Tuomas Sandholm},
  title = {Game-Theoretic Multiagent Reinforcement Learning},
  year = {2020},
  journal = {arXiv},
  url = {http://arxiv.org/abs/2011.00583v5},
  note = {Accessed: 2020-11-01}
}


@article{Linardakis20240,
  author = {Manousos Linardakis, Iraklis Varlamis, Georgios Th. Papadopoulos},
  title = {Distributed maze exploration using multiple agents and optimal goal assignment},
  year = {2024},
  journal = {arXiv},
  url = {http://arxiv.org/abs/2405.20232v1},
  note = {Accessed: 2024-05-30}
}


@article{Masuda20210,
  author = {Naoki Masuda, Christian L. Vestergaard},
  title = {Gillespie algorithms for stochastic multiagent dynamics in populations and network},
  year = {2021},
  journal = {arXiv},
  url = {http://arxiv.org/abs/2112.05293v1},
  note = {Accessed: 2021-12-10}
}


@article{Bagdasaryan20080,
  author = {Armen Bagdasaryan},
  title = {Mathematical Tool of Discrete Dynamic Modeling of Complex Systems in Control Loop},
  year = {2008},
  journal = {arXiv},
  url = {http://arxiv.org/abs/0809.2680v1},
  note = {Accessed: 2008-09-16}
}


ani, Marco Picone, Alessandro Ricci},
  title = {About Digital Twins, agents, and multiagent systems: a cross-fertilisation journey},
  year = {2022},
  journal = {arXiv},
  url = {http://arxiv.org/abs/2206.03253v1},
  note = {Accessed: 2022-06-07}
}


