@article{Zhu20200,
  author = {Zhuangdi Zhu, Kaixiang Lin, Anil K. Jain, Jiayu Zhou},
  title = {Transfer Learning in Deep Reinforcement Learning: A Survey},
  year = {2020},
  journal = {arXiv},
  url = {http://arxiv.org/abs/2009.07888v7},
  note = {Accessed: 2020-09-16}
}


@article{Yin20220,
  author = {Qiyue Yin, Tongtong Yu, Shengqi Shen, Jun Yang, Meijing Zhao, Kaiqi Huang, Bin Liang, Liang Wang},
  title = {Distributed Deep Reinforcement Learning: A Survey and A Multi-Player Multi-Agent Learning Toolbox},
  year = {2022},
  journal = {arXiv},
  url = {http://arxiv.org/abs/2212.00253v1},
  note = {Accessed: 2022-12-01}
}


@article{Stapelberg20200,
  author = {Belinda Stapelberg, Katherine M. Malan},
  title = {A survey of benchmarking frameworks for reinforcement learning},
  year = {2020},
  journal = {arXiv},
  url = {http://arxiv.org/abs/2011.13577v1},
  note = {Accessed: 2020-11-27}
}


@article{He20230,
  author = {Haoyang He},
  title = {A Survey on Offline Model-Based Reinforcement Learning},
  year = {2023},
  journal = {arXiv},
  url = {http://arxiv.org/abs/2305.03360v1},
  note = {Accessed: 2023-05-05}
}


