@article{goodfellow2014generative,title={Generative adversarial nets}, author={Goodfellow, Ian and others}, journal={Advances in neural information processing systems}, volume={27}, year={2014}}
@article{vaswani2017attention, title={Attention is all you need}, author={Vaswani, Ashish and others}, journal={Advances in neural information processing systems}, volume={30}, year={2017}}
@article{devlin2018bert, title={BERT: Pre-training of Deep Bidirectional Transformers for Language Understanding}, author={Devlin, Jacob and Chang, Ming-Wei and Lee, Kenton and Toutanova, Kristina}, journal={arXiv preprint arXiv:1810.04805}, year={2018}}
@article{radford2018improving, title={Improving language understanding by generative pre-training}, author={Radford, Alec and Narasimhan, Karthik and Salimans, Tim and Sutskever, Ilya}, journal={OpenAI report}, volume={12}, year={2018}}
@article{finn2017model, title={Model-Agnostic Meta-Learning for Fast Adaptation of Deep Networks}, author={Finn, Chelsea and Abbeel, Pieter and Levine, Sergey}, journal={Proceedings of the 34th International Conference on Machine Learning-Volume 70}, year={2017}, organization={JMLR. org}}
@article{zoph2016neural, title={Neural architecture search with reinforcement learning}, author={Zoph, Barret and Le, Quoc V}, journal={arXiv preprint arXiv:1611.01578}, year={2016}}