@article{Le20210,
  author = {Ngan Le, Vidhiwar Singh Rathour, Kashu Yamazaki, Khoa Luu, Marios Savvides},
  title = {Deep Reinforcement Learning in Computer Vision: A Comprehensive Survey},
  year = {2021},
  journal = {arXiv},
  url = {http://arxiv.org/abs/2108.11510v1},
  note = {Accessed: 2021-08-25}
}


@article{Ivanov20190,
  author = {Sergey Ivanov, Alexander D'yakonov},
  title = {Modern Deep Reinforcement Learning Algorithms},
  year = {2019},
  journal = {arXiv},
  url = {http://arxiv.org/abs/1906.10025v2},
  note = {Accessed: 2019-06-24}
}


@article{Mason20190,
  author = {Karl Mason, Santiago Grijalva},
  title = {A Review of Reinforcement Learning for Autonomous Building Energy Management},
  year = {2019},
  journal = {arXiv},
  url = {http://arxiv.org/abs/1903.05196v2},
  note = {Accessed: 2019-03-12}
}


@article{Ibrahim20240,
  author = {Sinan Ibrahim, Mostafa Mostafa, Ali Jnadi, Hadi Salloum, Pavel Osinenko},
  title = {Comprehensive Overview of Reward Engineering and Shaping in Advancing Reinforcement Learning Applications},
  year = {2024},
  journal = {arXiv},
  url = {http://arxiv.org/abs/2408.10215v2},
  note = {Accessed: 2024-07-22}
}


@article{Mirzaei20170,
  author = {Hamid Mirzaei, Tony Givargis},
  title = {Fine-grained acceleration control for autonomous intersection management using deep reinforcement learning},
  year = {2017},
  journal = {arXiv},
  url = {http://arxiv.org/abs/1705.10432v1},
  note = {Accessed: 2017-05-30}
}


