@article{Singh20230,
  author = {Amritpal Singh, Wenqi Shi, May D Wang},
  title = {Autonomous Soft Tissue Retraction Using Demonstration-Guided Reinforcement Learning},
  year = {2023},
  journal = {arXiv},
  url = {http://arxiv.org/abs/2309.00837v1},
  note = {Accessed: 2023-09-02}
}


@article{Thuerey20210,
  author = {N. Thuerey, B. Holzschuh, P. Holl, G. Kohl, M. Lino, Q. Liu, P. Schnell, F. Trost},
  title = {Physics-based Deep Learning},
  year = {2021},
  journal = {arXiv},
  url = {http://arxiv.org/abs/2109.05237v4},
  note = {Accessed: 2021-09-11}
}


@article{Sun20250,
  author = {Yinghan Sun, Hongxi Wang, Hua Chen, Wei Zhang},
  title = {A Practical Introduction to Deep Reinforcement Learning},
  year = {2025},
  journal = {arXiv},
  url = {http://arxiv.org/abs/2505.08295v1},
  note = {Accessed: 2025-05-13}
}


@article{AlMahamid20220,
  author = {Fadi AlMahamid, Katarina Grolinger},
  title = {Reinforcement Learning Algorithms: An Overview and Classification},
  year = {2022},
  journal = {arXiv},
  url = {http://arxiv.org/abs/2209.14940v1},
  note = {Accessed: 2022-09-29}
}


@article{Luong20180,
  author = {Nguyen Cong Luong, Dinh Thai Hoang, Shimin Gong, Dusit Niyato, Ping Wang, Ying-Chang Liang, Dong In Kim},
  title = {Applications of Deep Reinforcement Learning in Communications and Networking: A Survey},
  year = {2018},
  journal = {arXiv},
  url = {http://arxiv.org/abs/1810.07862v1},
  note = {Accessed: 2018-10-18}
}


