@article{Luo20250,
  author = {Yuancheng Luo, Dmitriy Yamkovoy, Guillermo Garcia},
  title = {Constraint Optimized Multichannel Mixer-limiter Design},
  year = {2025},
  journal = {arXiv},
  url = {http://arxiv.org/abs/2507.06769v1},
  note = {Accessed: 2025-07-09}
}


@article{Seitzer20200,
  author = {Maximilian Seitzer},
  title = {NeurIPS 2019 Disentanglement Challenge: Improved Disentanglement through Aggregated Convolutional Feature Maps},
  year = {2020},
  journal = {arXiv},
  url = {http://arxiv.org/abs/2002.10003v1},
  note = {Accessed: 2020-02-23}
}


