@article{Lei20180,
  author = {Dian Lei, Xiaoxiao Chen, Jianfei Zhao},
  title = {Opening the black box of deep learning},
  year = {2018},
  journal = {arXiv},
  url = {http://arxiv.org/abs/1805.08355v1},
  note = {Accessed: 2018-05-22}
}


@article{Chang20180,
  author = {Daniel T Chang},
  title = {Concept-Oriented Deep Learning},
  year = {2018},
  journal = {arXiv},
  url = {http://arxiv.org/abs/1806.01756v1},
  note = {Accessed: 2018-06-05}
}


@article{Dargazany20190,
  author = {Aras R. Dargazany},
  title = {Deep learning research landscape & roadmap in a nutshell: past, present and future -- Towards deep cortical learning},
  year = {2019},
  journal = {arXiv},
  url = {http://arxiv.org/abs/1908.02130v1},
  note = {Accessed: 2019-07-30}
}


@article{Xu20180,
  author = {Mengwei Xu, Jiawei Liu, Yuanqiang Liu, Felix Xiaozhu Lin, Yunxin Liu, Xuanzhe Liu},
  title = {A First Look at Deep Learning Apps on Smartphones},
  year = {2018},
  journal = {arXiv},
  url = {http://arxiv.org/abs/1812.05448v4},
  note = {Accessed: 2018-11-08}
}


@article{Dong20190,
  author = {Xiao Dong, Ling Zhou},
  title = {Geometrization of deep networks for the interpretability of deep learning systems},
  year = {2019},
  journal = {arXiv},
  url = {http://arxiv.org/abs/1901.02354v2},
  note = {Accessed: 2019-01-06}
}


