@article{Janaka20240,
  author = {Nuwan Janaka, Shengdong Zhao, David Hsu, Sherisse Tan Jing Wen, Koh Chun Keat},
  title = {TOM: A Development Platform For Wearable Intelligent Assistants},
  year = {2024},
  journal = {arXiv},
  url = {http://arxiv.org/abs/2407.15523v1},
  note = {Accessed: 2024-07-22}
}


@article{Wang20190,
  author = {Linda Wang, Alexander Wong},
  title = {Implications of Computer Vision Driven Assistive Technologies Towards Individuals with Visual Impairment},
  year = {2019},
  journal = {arXiv},
  url = {http://arxiv.org/abs/1905.07844v1},
  note = {Accessed: 2019-05-20}
}


