@article{Xiong20250,
  author = {Zidi Xiong, Yuping Lin, Wenya Xie, Pengfei He, Jiliang Tang, Himabindu Lakkaraju, Zhen Xiang},
  title = {How Memory Management Impacts LLM Agents: An Empirical Study of Experience-Following Behavior},
  year = {2025},
  journal = {arXiv},
  url = {http://arxiv.org/abs/2505.16067v1},
  note = {Accessed: 2025-05-21}
}


@article{Xu20250,
  author = {Wujiang Xu, Kai Mei, Hang Gao, Juntao Tan, Zujie Liang, Yongfeng Zhang},
  title = {A-MEM: Agentic Memory for LLM Agents},
  year = {2025},
  journal = {arXiv},
  url = {http://arxiv.org/abs/2502.12110v10},
  note = {Accessed: 2025-02-17}
}


